<?xml version="1.0" encoding="UTF-8"?><record xmlns="http://www.loc.gov/MARC21/slim" xmlns:cinclude="http://apache.org/cocoon/include/1.0" xmlns:zs="http://www.loc.gov/zing/srw/">
  <leader>00505cz  a2200133n  4500</leader>
  <controlfield tag="001">n  82099446 </controlfield>
  <controlfield tag="003">DLC</controlfield>
  <controlfield tag="005">20020501095644.0</controlfield>
  <controlfield tag="008">820730n| acannaab           |n aaa      </controlfield>
  <datafield tag="010" ind1=" " ind2=" ">
    <subfield code="a">n  82099446 </subfield>
  </datafield>
  <datafield tag="040" ind1=" " ind2=" ">
    <subfield code="a">DLC</subfield>
    <subfield code="c">DLC</subfield>
    <subfield code="d">DLC</subfield>
  </datafield>
  <datafield tag="100" ind1="1" ind2="0">
    <subfield code="a">Don, Bruce W.</subfield>
  </datafield>
  <datafield tag="670" ind1=" " ind2=" ">
    <subfield code="a">His Estimates of total nonmilitary consumption for North Korea, 1982:</subfield>
    <subfield code="b">t.p. (Bruce W. Don)</subfield>
  </datafield>
  <datafield tag="670" ind1=" " ind2=" ">
    <subfield code="a">Future ground commanders' close support needs and desirable system characteristics, 2002:</subfield>
    <subfield code="b">CIP t.p. (Bruce W. Don) data sheet (b. 22 Dec. 1944)</subfield>
  </datafield>
</record>